@book{tikman,
	author = {Till Tantau},
	title = "{The TikZ and PGF Packages Manual for version 2.10}",
	year = {October 25, 2010},
	publisher = {http://sourceforge.net/projects/pgf}
}

@article{Raymond:2014uha,
	author = "Raymond, V. and Farr, W.M.",
	title = "{Physically motivated exploration of the extrinsic
	        parameter space in ground-based gravitational-wave
	        astronomy}",
	year = "Jan. 2014",
	journal = "{arXiv:1402.0053}",
}

@BOOK{Brieskorn1983a, 
	title="{Lineare Algebra und Analytische Geometrie I: Noten zu einer Vorlesung mit historischen Anmerkungen von Erhard Scholz (German Edition)}",
	author={Egbert Brieskorn},
	publisher={Vieweg+Teubner Verlag},
	year={1983},
	month={1},
	edition={1983},
}

@BOOK{Brieskorn1983b, 
	title="{Lineare Algebra und Analytische Geometrie II (German Edition)}",
	author={Egbert Brieskorn},
	publisher={Vieweg+Teubner Verlag},
	year={1983},
	month={1},
	edition={1983},
}
